@article{canal2018adapting,
	title={Adapting robot task planning to user preferences: an assistive shoe dressing example},
	author={Canal, Gerard and Aleny{\`a}, Guillem and Torras, Carme},
	journal={Autonomous Robots},
	year={2018},
	note={To appear},
	publisher={Springer}
}

@article{andriella2018deciding,
	title={Deciding the different robot roles for patient cognitive training},
	author={Andriella, Antonio and Aleny{\`a}, Guillem and Hern{\'a}ndez-Farigola, Joan and Torras, Carme},
	journal={International Journal of Human-Computer Studies},
	year={2018},
	publisher={Elsevier}
}

@article{ong2010planning,
	title={Planning under uncertainty for robotic tasks with mixed observability},
	author={Ong, Sylvie CW and Png, Shao Wei and Hsu, David and Lee, Wee Sun},
	journal={The International Journal of Robotics Research},
	volume={29},
	number={8},
	pages={1053--1068},
	year={2010},
	publisher={SAGE Publications Sage UK: London, England}
}

@article{palomeras2016toward,
	title={Toward persistent autonomous intervention in a subsea panel},
	author={Palomeras, Narc{\'\i}s and Carrera, Arnau and Hurt{\'o}s, Nat{\`a}lia and Karras, George C and Bechlioulis, Charalampos P and Cashmore, Michael and Magazzeni, Daniele and Long, Derek and Fox, Maria and Kyriakopoulos, Kostas J and others},
	journal={Autonomous Robots},
	volume={40},
	number={7},
	pages={1279--1306},
	year={2016},
	publisher={Springer}
}

@article{martinez2017relational,
	title={Relational reinforcement learning with guided demonstrations},
	author={Mart{\'\i}nez, David and Alenya, Guillem and Torras, Carme},
	journal={Artificial Intelligence},
	volume={247},
	pages={295--312},
	year={2017},
	publisher={Elsevier}
}


@inproceedings{martinez2015vmin,
	title={V-MIN: Efficient Reinforcement Learning through Demonstrations and Relaxed Reward Demands.},
	author={Mart{\'\i}nez, David Mart{\'\i}nez and Alenya, Guillem and Torras, Carme},
	booktitle={AAAI},
	pages={2857--2863},
	year={2015}
}

@inproceedings{yoon2010improving,
	author = {Yoon, Sungwook and Ruml, Wheeler and Benton, J. and Do, Minh B.},
	booktitle = {20th International Conference on Automated Planning and Scheduling},
	isbn = {9781577354499},
	keywords = {"probabilistic planning,optimization in hindsight},
	pages = {209--216},
	title = {{Improving determinization in hindsight for online probabilistic planning}},
	url = {http://www.aaai.org/ocs/index.php/ICAPS/ICAPS10/paper/viewFile/1438/1561},
	year = {2010}
}



